
@article{verteramo2021analysis,
  title={Analysis of the demand for pet insurance among uninsured pet owners in the United States},
  author={Verteramo Chiu, Leslie J and Li, Jie and Lhermie, Guillaume and Cazer, Casey},
  journal={Veterinary Record},
  pages={e243},
  year={2021},
  publisher={Wiley Online Library}
}


@article{wilson2020underwriting,
  title={Underwriting criteria, practices, and tools of pet health insurance companies},
  author={Wilson, Kimberly L},
  journal={Connecticut Insurance Law Journal},
  volume={27},
  number={1},
  pages={359--405},
  year={2020}
}

@article{Contingencies2018,
  title   ={A Policy for Fluffy: Pet insurance is a small industry-but it's poised for big growth in the U.S.},
  author  ={Malloy, Michael G},
  journal ={Contingencies},
  publisher={American Academy of Actuaries},
  url     = {https://contingencies.org/a-policy-for-fluffy-pet-insurance-is-a-small-industry-but-its-poised-for-big-growth-in-the-u-s-%E2%80%83/},
  Note    = {[Retrieved on 15 Dec, 2021]},
  year    ={2018}
}



@InProceedings{NAICPet,
  Title                    = {A Regulators Guide to Pet Insurance},
  Author                   = {NAIC},
  Year                     = {2019},
  Note                     = {[Retrieved on 15 Dec, 2021]},
  Publisher                = {National Association of Insurance Commissioners},
  Url                      = {https://content.naic.org/sites/default/files/publication-pin-op-pet-insurance.pdf}
}

@article{pegram2021proportion,
  title={Proportion and risk factors for death by euthanasia in dogs in the UK},
  author={Pegram, Camilla and Gray, Carol and Packer, Rowena MA and Richards, Ysabelle and Church, David B and Brodbelt, Dave C and O'Neill, Dan G},
  journal={Scientific reports},
  volume={11},
  number={1},
  pages={1--12},
  year={2021},
  publisher={Nature Publishing Group}
}

@article{pegram2021Data,
  title={Proportion and risk factors for death by euthanasia in dogs in the UK-- Supporting Data},
  author={Pegram, Camilla and Gray, Carol and Packer, Rowena MA and Richards, Ysabelle and Church, David B and Brodbelt, Dave C and O'Neill, Dan G},
  Note                     = {[Retrieved on 15 Dec, 2021]},
  year={2021},  
  Publisher                = {Royal Veterinary College, University of London},
  Url                      = {https://researchonline.rvc.ac.uk/id/eprint/13486/}
}

@article{hoffman2021characterizing,
  title={Characterizing Pet Acquisition and Retention During the COVID-19 Pandemic},
  author={Hoffman, Christy L and Thibault, Melissa and Hong, Julie},
  journal={Frontiers in Veterinary Science},
  volume={8},
  year={2021},
  publisher={Frontiers Media SA}
}

@InProceedings{IIIPet,
  Title                    = {Facts + Statistics: Pet Ownership and Insurance},
  Author                   = {III},
  Year                     = {2021},
  Note                     = {[Retrieved on 18 Dec, 2021]},
  Publisher                = {Insurance Information Institute},
  Url                      = {https://www.iii.org/fact-statistic/facts-statistics-pet-ownership-and-insurance}
}

